01REMESSA01COBRANCA       00000000000000577000CESSARBIT TECH                237BRADESCO       100819        MX0000006                                                                                                                                                                                                                                                                                     000001
100000 000000000000 00150343101234560EX1                      0000000001232456800400000000002N           2  01EX1       30052000000025000990000000001N100819000000000000000000000000000000000000000000000000000000000000000100022222222222ALEX REIS                               BR-499, S/N SITIO - SUBINDO A SERRA DA M            36240000                                                            000002
2MAIS INFO EM HTTP://WWW.BOLETOCLOUD.COM/APP/DEV/API                                                                                                                                                                                                                                                                             00000000000000000000000000000000000000       0150343101234560012324568004000003
9                                                                                                                                                                                                                                                                                                                                                                                                         000004
